<?xml version="1.0" encoding="UTF-8"?><collection xmlns="http://www.loc.gov/MARC21/slim"><record><leader>00354nam--2200133-i-4500</leader><controlfield tag="001">000027747</controlfield><controlfield tag="002">20161230</controlfield><controlfield tag="005">20161230201036</controlfield><controlfield tag="008">060222s1000------------r-----000-0-eng-d</controlfield><datafield ind1=" " ind2=" " tag="100"><subfield code="a">Kiseleva, E.K</subfield></datafield><datafield ind1=" " ind2=" " tag="245"><subfield code="a">Suslennikova, v.m</subfield></datafield><datafield ind1=" " ind2=" " tag="260"><subfield code="a">Indrumator Pentru Prepararea Solutiilor Titrate</subfield></datafield><datafield ind1=" " ind2=" " tag="490"><subfield code="a">Bucuresti, Editura Tehnica, 1967. 197p</subfield></datafield><datafield ind1=" " ind2=" " tag="852"><subfield code="a">543.5</subfield></datafield></record></collection>